@book{ICS,
    author    = {BSI},
    title     = {ICS-Security-Kompendium},
    year      = {2024},
    publisher = {Bundesamt für Sicherheit in der Informationstechnik}
}

@article{HondaAngriff,
    author  = {Spiegel},
    title   = {Honda muss Produktion nach Cyberangriff stoppen},
    journal = {Spiegel},
    year    = {2020},
    url    = {https://www.spiegel.de/netzwelt/web/honda-muss-produktion-nach-cyberangriff-stoppen-a-69f59803-216c-43c7-9ee9-59d3926d6314},
    urldate  =  {2024-07-12}
}

@article{VartaAngriff,
    author  = {Stefan Weinzierl und Anja Ringel},
    title   = {Cyberangriff: Varta arbeitet an Wiederinbetriebnahme},
    journal = {Produktion},
    year    = {2024},
    url    = {https://www.produktion.de/technik/cybersecurity/cyber-angriff-legt-varta-produktion-lahm-936.html},
    urldate  =  {2024-07-12}
}

@article{OTS/ITS,
    author  = {Fujitsu},
    title   = {Cyber Security for Operational Technology (OT)},
    journal = {Fujitsu},
    year    = {2023},
    url    = {https://www.fujitsu.com/de/imagesgig5/OT-Security-Brochure-DE.pdf},
    urldate  =  {2024-07-12}
}

@article{Safety,
    author  = {Sebastian Human},
    title   = {IT vs. OT - Unterschiedliche Ziele, die Sie in der Industrial Security kennen sollten},
    journal = {Industry of things},
    year    = {2019},
    url    = {https://www.industry-of-things.de/it-vs-ot--unterschiedliche-ziele-die-sie-in-der-industrial-security-kennen-sollten-a-796607/},
    urldate  =  {2024-07-12}
}

@article{BSI,
    author  = {BSI},
    title   = {Online Kurs zum IT-Grundschutz - Grundlegende Definitionen},
    journal = {Bundesamt für Sicherheit in der Informationstechnik},
    year    = {2018},
    url    = {https://www.bsi.bund.de/DE/Themen/Unternehmen-und-Organisationen/Standards-und-Zertifizierung/IT-Grundschutz/Zertifizierte-Informationssicherheit/IT-Grundschutzschulung/Online-Kurs-IT-Grundschutz/Lektion_4_Schutzbedarfsfeststellung/4_01_Definitionen.html},
    urldate  =  {2024-07-12}
}

@article{Stuxnet,
    author  = {David Albright, Paul Brannan, Christina Walrond},
    title   = {Did Stuxnet Take Out 1,000 Centrifuges at the Natanz Enrichment Plant?},
    journal = {ISIS Report},
    year    = {2010},
    url    = {https://isis-online.org/uploads/isis-reports/documents/stuxnet_FEP_22Dec2010.pdf},
    urldate  =  {2024-07-15}
}

@article{NordVPN,
    author  = {Werner Beckmann},
    title   = {Stuxnet: Definition, Beispiel und Prävention},
    journal = {NordVPN},
    year    = {2023},
    url    = {https://nordvpn.com/de/blog/was-ist-stuxnet/#:~:text=Stuxnet%20war%20der%20erste%20Virus,der%20iranischen%20Atomanlagen%20hinaus%20verbreitete.},
    urldate  =  {2024-07-15}
}

@article{Fraunhofer,
    author  = {Dr. Elmar Padilla, Peter Weidenbach, Rahoael Ernst},
    title   = {Hardware- und Hardwarenahe Trojaner},
    journal = {Fraunhofer-Institut für Kommunikation, Informationsverarbeitung und Ergonomie FKIE},
    year    = {2017},
    url    = {https://www.fkie.fraunhofer.de/de/newsroom/Presseinformationen/hwt-bericht.html},
    urldate  =  {2024-07-15}
}

@article{TRISIS,
    author  = {Marcus Geiger},
    title   = {TRISIS - Wenn IT-Sicherheitsmängel die Safety beeinträchtigen},
    journal = {Sichere Industrie},
    year    = {2021},
    url    = {https://www.sichere-industrie.de/trisis-angriff-safety/},
    urldate  =  {2024-07-15}
}

@article{Netzwerksegmentierung,
    author  = {Andy Patrizio},
    title   = {Netzwerksegmentierung},
    journal = {computerweekly},
    year    = {2022},
    url    = {https://www.computerweekly.com/de/definition/Netzwerksegmentierung},
    urldate  =  {2024-07-16}
}

@article{NAC,
    author  = {BREKOM},
    title   = {OT-Security - Was Produktionsunternehmen jetzte bachten müssen},
    journal = {BREKOM},
    year    = {2022},
    url    = {https://brekom.de/ratgeber-it-sicherheit/ot-security/},
    urldate  =  {2024-07-16}
}

@article{orga,
    author  = {Adrian Klick-Strehl},
    title   = {Die organisatorischen Maßnahmen in der IT-Sicherheit},
    journal = {dr-datenschutz},
    year    = {2020},
    url    = {https://www.dr-datenschutz.de/die-organisatorischen-massnahmen-in-der-it-sicherheit/},
    urldate  =  {2024-07-16}
}

@article{IBM,
    author  = {IBM},
    title   = {Was ist IT-Asset-Management (ITAM)?},
    journal = {IBM},
    year    = {2021},
    url     = {https://www.ibm.com/de-de/topics/it-asset-management},
    urldate =  {2024-07-16}
}

@article{atlassian,
    author  = {Atlassian},
    title   = {Was ist IT-Asset-Management (ITAM)?},
    journal = {Atlassian},
    year    = {2022},
    url     = {https://www.atlassian.com/de/itsm/it-asset-management#before-the-incident},
    urldate =  {2024-07-22}
}

@article{sichereIndustrie,
    author  = {Max Weidele},
    title   = {3 Gründe, warum ein Asset-Inventar ein guter Einstieg in die OT-Security ist},
    journal = {sichere Industrie},
    year    = {2023},
    url     = {https://www.sichere-industrie.de/asset-inventar/},
    urldate =  {2024-07-22}
}

@article{IPInsider,
    author  = {Stefan Luber},
    title   = {Was ist Profinet?},
    journal = {ip-insider},
    year    = {2022},
    url     = {https://www.ip-insider.de/was-ist-profinet-a-1108014/},
    urldate =  {2024-07-22}
}

@article{DKE,
    author  = {Christian Seipel},
    title   = {IEC 62443: Die internationale Normenreihe für Cybersecurity in der Industrieautomatisierung},
    journal = {DKE},
    year    = {2020},
    url     = {https://www.dke.de/de/arbeitsfelder/industry/iec-62443-cybersecurity-industrieautomatisierung},
    urldate =  {2024-08-22}
}

@article{ISecInsider,
    author  = {Stefan Luber},
    title   = {Was ist IEC 62443?},
    journal = {security-insider},
    year    = {2023},
    url     = {https://www.security-insider.de/was-ist-iec-62443-a-8afae9df06ebcb1f8589b32514f4088c/},
    urldate =  {2024-08-22}
}

@book{NIST,
    author    = {NIST},
    title     = {Guide to Operational Technology
(OT) Security},
    year      = {2023},
    publisher = {National Institute of Standards and Technology (U.S.)}
}

@article{hornetsec,
    author  = {hornetsecurity},
    title   = {Wie Künstliche Intelligenz (KI) die Cybersicherheit verändert},
    journal = {hornetsecurity},
    year    = {2023},
    url     = {https://www.hornetsecurity.com/de/blog/kuenstliche-intelligenz-fuer-die-cybersicherheit/#:~:text=KI%20kann%20verwendet%20werden%2C%20um%20Botnetze%20zu%20erstellen%2C,von%20menschlichem%20Verhalten%20und%20imitiert%20oder%20repliziert%20es.},
    urldate =  {2024-08-26}
}

@article{itPort,
    author  = {Louis Heiwig},
    title   = {Cybersicherheit mit künstlicher Intelligenz
Wie KI zur Sicherheit Ihres Unternehmens beitragen kann},
    journal = {itPortal.de},
    year    = {2024},
    url     = {https://www.itportal24.de/ratgeber/cybersicherheit-mit-kunstlicher-intelligenz},
    urldate =  {2024-08-26}
}

@article{CISCO,
    author  = {CISCO},
    title   = {2024 State of Industrial Networking Report},
    journal = {CISCO},
    year    = {2024},
    url     = {https://www.cisco.com/c/m/en_us/solutions/2024-industrial-networking-report.html},
    urldate =  {2024-08-26}
}

@article{rhebo,
    author  = {Oliver Kleindienst},
    title   = {Industroyer},
    journal = {rhebo},
    year    = {2021},
    url     = {https://rhebo.com/de/ressourcen/glossar/industroyer/},
    urldate =  {2024-08-26}
}

@article{welivesecurity,
    author  = {Anton Cherepanov},
    title   = {Industroyer: Größte Bedrohung für kritische Infrastruktur seit Stuxnet},
    journal = {welivesecurity},
    year    = {2017},
    url     = {https://www.welivesecurity.com/deutsch/2017/06/12/industroyer-bedroht-kritische-infrastrukturen/},
    urldate =  {2024-08-26}
}

@article{aktivScan,
    author  = {Chris Sherry},
    title   = {Sicherheit in IT- und OT-Umgebungen, Aktives vs. passives Scanning},
    journal = {connect proffesional},
    year    = {2020},
    url     = {https://www.connect-professional.de/netzwerke-it-infrastruktur/aktives-vs-passives-scanning.322588.html},
    urldate =  {2024-08-26}
}

@article{InduSol,
    author  = {Indu-Sol},
    title   = {PROFINET-INspektor® NT
Intelligente Messstelle zur PROFINET-Überwachung},
    journal = {InduSol},
    year    = {2024},
    url     = {https://www.indu-sol.com/produkte/profinet/diagnose/profinet-inspektorr-nt/},
    urldate =  {2024-08-27}
}